@article{демиденко2012,
	title={К вопросу моделирования качества нефти},
	author={Демиденко, КА and Зенков, ВВ and Хохлов, АС},
	journal={Промышленный сервис},
	number={4},
	pages={22--24},
	year={2012},
	publisher={Общество с ограниченной ответственностью ТУМА ГРУПП}
}
@misc{gost:19.101-77,
    title = "ГОСТ 19.101-77 Единая система программной документации (ЕСПД). Виды программ и программных документов",
    address = {М.},
    publisher = "Стандартинформ",
    year = "2010"
}
@misc{gost:19.102-77,
    title = "ГОСТ 19.102-77 Единая система программной документации (ЕСПД). Стадии разработки",
    address = {М.},
    publisher = "Стандартинформ",
    year = "2010"
}
@misc{gost:19.103-77,
    title = "ГОСТ 19.103-77 Единая система программной документации (ЕСПД). Обозначения программ и программных документов",
    address = {М.},
    publisher = "Стандартинформ",
    year = "2010"
}
@misc{gost:19.104-78,
    title = "ГОСТ 19.104-78 Единая система программной документации (ЕСПД). Основные надписи",
    address = {М.},
    publisher = "Стандартинформ",
    year = "2010"
}
@misc{gost:19.105-78,
    title = "ГОСТ 19.105-78 Единая система программной документации (ЕСПД). Общие требования к программным документам",
    address = {М.},
    publisher = "Стандартинформ",
    year = "2010"
}
@misc{gost:19.106-78,
    title = "ГОСТ 19.106-78 Единая система программной документации (ЕСПД). Требования к программным документам, выполненным печатным способом",
    address = {М.},
    publisher = "Стандартинформ",
    year = "2010"
}
@misc{gost:19.201-78,
    title = "ГОСТ 19.201-78 Единая система программной документации (ЕСПД). Техническое задание. Требования к содержанию и оформлению",
    address = {М.},
    publisher = "Стандартинформ",
    year = "2010"
}
@misc{gost:19.301-79,
    title = "ГОСТ 19.301-79 Единая система программной документации (ЕСПД). Программа и методика испытаний. Требования к содержанию и оформлению",
    address = {М.},
    publisher = "Стандартинформ",
    year = "2010"
}
@misc{gost:19.401-79,
    title = "ГОСТ 19.401-79 Единая система программной документации (ЕСПД). Текст программы. Требования к содержанию и оформлению",
    address = {М.},
    publisher = "Стандартинформ",
    year = "2010"
}
@misc{gost:19.404-79,
    title = "ГОСТ 19.301-79 Единая система программной документации (ЕСПД). Пояснительная записка. Требования к содержанию и оформлению",
    address = {М.},
    publisher = "Стандартинформ",
    year = "2010"
}
@misc{gost:19.504-79,
    title = "ГОСТ 19.504-79 Единая система программной документации (ЕСПД). Руководство программиста. Требования к содержанию и оформлению",
    address = {М.},
    publisher = "Стандартинформ",
    year = "2010"
}
@misc{gost:19.505-79,
    title = "ГОСТ 19.505-79 Единая система программной документации (ЕСПД). Руководство оператора. Требования к содержанию и оформлению",
    address = {М.},
    publisher = "Стандартинформ",
    year = "2010"
}
@misc{gost:19.603-78,
    title = "ГОСТ 19.603-78 Единая система программной документации (ЕСПД). Общие правила внесения изменений",
    address = {М.},
    publisher = "Стандартинформ",
    year = "2010"
}
@misc{gost:19.604-78,
    title = "ГОСТ 19.604-78 Единая система программной документации (ЕСПД). Правила внесения изменений в программные документы, выполненные печатным способом",
    address = {М.},
    publisher = "Стандартинформ",
    year = "2010"
}

@online{git,
  author = "Git",
  title = "Git is a free and open source distributed version control system",
  url = "https://git-scm.com/",
  urldate = "2023-02-12"
}
@online{c-sss,
  author = "Fletcher T. Penney",
  title = "Implementation of Shamir's Secret Sharing in C",
  year = "2023",
  url = "http://fletcher.github.io/c-sss/",
  urldate = "2023-02-12"
}
@online{pest-rs,
  author = "Dragoș Tiselice",
  title = "pest. The Elegant Parser",
  year = "2023",
  url = "https://pest.rs/",
  urldate = "2023-02-12"
}

@online{wiki:ECDSA,
  author = "Википедия",
  title = "ECDSA --- Википедия{,} свободная энциклопедия",
  url = "https://ru.wikipedia.org/?oldid=117087049",
  urldate = "2021-11-26"
}
@online{wiki:PDF,
  author = "Википедия",
  title = "Portable Document Format --- Википедия{,} свободная энциклопедия",
  year = "2023",
  url = "https://ru.wikipedia.org/?oldid=128368995",
  urldate = "2023-02-12"
}
@online{wiki:RSA,
  author = "Википедия",
  title = "RSA --- Википедия{,} свободная энциклопедия",
  year = "2023",
  url = "https://ru.wikipedia.org/?oldid=128196139",
  urldate = "2023-02-12"
}
@online{wiki:peg,
  author = "{Wikipedia contributors}",
  title = "Parsing expression grammar --- {Wikipedia}{,} The Free Encyclopedia",
  year = "2023",
  url = "https://en.wikipedia.org/?oldid=1135337164",
  urldate = "2023-04-11"
}
@online{wiki:backus-naur-form,
  author = "{Wikipedia contributors}",
  title = "Backus–Naur form --- {Wikipedia}{,} The Free Encyclopedia",
  year = "2023",
  url = "https://en.wikipedia.org/?oldid=1145504907",
  urldate = "2023-04-11"
}
@online{wiki:parser-combinators,
    author = "{Wikipedia contributors}",
    title = "Parser combinator --- {Wikipedia}{,} The Free Encyclopedia",
    year = "2023",
    url = "https://en.wikipedia.org/?oldid=1141893658",
    urldate = "2023-04-11"
}
@online{hashicorp-vault,
    author = "HashiCorp",
    title = "Vault: A tool for secrets management, encryption as a service, and privileged access management ",
    url = "https://github.com/hashicorp/vault",
    urldate = "2023-04-16"
}

@book{python3manual,
 author = {Van Rossum, Guido and Drake, Fred L.},
 title = {Python 3 Reference Manual},
 year = {2009},
 isbn = {1441412697},
 publisher = {CreateSpace},
 address = {Scotts Valley, CA}
}

@article{shamir79,
    author = {Shamir, Adi},
    title = {How to Share a Secret},
    year = {1979},
    issue_date = {Nov. 1979},
    publisher = {Association for Computing Machinery},
    address = {New York, NY, USA},
    volume = {22},
    number = {11},
    issn = {0001-0782},
    url = {https://doi.org/10.1145/359168.359176},
    doi = {10.1145/359168.359176},
    abstract = {In this paper we show how to divide data D into n pieces in such a way that D is easily reconstructable from any k pieces, but even complete knowledge of k - 1 pieces reveals absolutely no information about D. This technique enables the construction of robust key management schemes for cryptographic systems that can function securely and reliably even when misfortunes destroy half the pieces and security breaches expose all but one of the remaining pieces.},
    journal = {Commun. ACM},
    month = {nov},
    pages = {612–613},
    numpages = {2},
    keywords = {key management, interpolation, cryptography}
}
@InProceedings{benaloh90,
    author="Benaloh, Josh
    and Leichter, Jerry",
    editor="Goldwasser, Shafi",
    title="Generalized Secret Sharing and Monotone Functions",
    booktitle="Advances in Cryptology --- CRYPTO' 88",
    year="1990",
    publisher="Springer New York",
    address="New York, NY",
    pages="27--35",
    abstract="Secret Sharing from the perspective of threshold schemes has been well-studied over the past decade. Threshold schemes, however, can only handle a small fraction of the secret sharing functions which we may wish to form. For example, if it is desirable to divide a secret among four participants A, B. C, and D in such a way that either A together with B can reconstruct the secret or C together with D can reconstruct the secret, then threshold schemes (even with weighting) are provably insufficient.",
    isbn="978-0-387-34799-8"
}
@inproceedings{blakley79,
  title={Safeguarding cryptographic keys},
  author={Blakley, George Robert},
  booktitle={Managing Requirements Knowledge, International Workshop on},
  pages={313--313},
  year={1979},
  organization={IEEE Computer Society}
}

@book{introduction_to_cryptography,
  title={Введение в криптографию},
  author={Ященко В. В.},
  isbn={978-5-4439-0026-1},
  year={2012},
  publisher="МЦНМО"
}

@online{languageserver,
    author = "Microsoft",
    title = "Language Server Protocol Specification",
    url = "https://microsoft.github.io/language-server-protocol/specifications/lsp/3.17/specification/",
    urldate = "2022-10-05"
}

@online{rsc-regexp4,
   title       = "Regular Expression Matching with a Trigram Index",
   author      = "Rus Cox",
   url         = "https://swtch.com/~rsc/regexp/regexp4.html",
   urldate     = "2023-10-23",
   year        = "2012",
}
@online{vscode,
   title       = "Visual Studio Code",
   author      = "Microsoft",
   url         = "https://code.visualstudio.com/",
   urldate     = "2023-10-23"
}
@online{github-codesearch,
   title       = "The technology behind GitHub’s new code search",
   author      = "GitHub",
   url         = "https://github.blog/2023-02-06-the-technology-behind-githubs-new-code-search/",
   urldate     = "2023-02-06"
}
@online{google-codesearch,
   title       = "codesearch - fast, indexed regexp search over large file trees",
   author      = "Google",
   url         = "https://github.com/google/codesearch",
   urldate     = "2023-10-23"
}
@online{bazel,
   title       = "Bazel",
   author      = "Google",
   url         = "https://bazel.build/",
   urldate     = "2023-10-23"
}
@online{elixir-crossrefrencer,
   title       = "The Elixir Cross Referencer",
   author      = "{Elixir contributors}",
   url         = "https://github.com/bootlin/elixir",
   urldate     = "2023-10-23"
}
@online{opengrok,
   title       = "OpenGrok — a fast and usable source code search and cross reference engine.",
   author      = "Oracle",
   url         = "https://oracle.github.io/opengrok/",
   urldate     = "2023-10-23"
}
@online{sourcegraph,
   title       = "Sourcegraph — a code AI platform",
   author      = "Sourcegraph",
   url         = "https://about.sourcegraph.com/",
   urldate     = "2023-10-23"
}
@online{chromium-codesearch,
   title       = "Chromium Code Search",
   author      = "Google",
   url         = "https://source.chromium.org/",
   urldate     = "2024-02-20"
}
@online{AOSP,
   title       = "Android Open Source Project",
   author      = "AOSP Developers",
   url         = "https://source.android.com/",
   urldate     = "2023-10-23"
}
@article{google-monorepo,
    title	= {Why Google Stores Billions of Lines of Code in a Single Repository},
    author	= {Rachel Potvin and Josh Levenberg},year	= {2016},
    URL	= {http://dl.acm.org/citation.cfm?id=2854146},
    journal	= {Communications of the ACM},
    pages	= {78-87},
    volume	= {59}
}
@inproceedings{how-developers-search-for-code,
    author = {Sadowski, Caitlin and Stolee, Kathryn T. and Elbaum, Sebastian},
    title = {How developers search for code: a case study},
    year = {2015},
    isbn = {9781450336758},
    publisher = {Association for Computing Machinery},
    address = {New York, NY, USA},
    url = {https://doi.org/10.1145/2786805.2786855},
    doi = {10.1145/2786805.2786855},
    abstract = {With the advent of large code repositories and sophisticated search capabilities, code search is increasingly becoming a key software development activity. In this work we shed some light into how developers search for code through a case study performed at Google, using a combination of survey and log-analysis methodologies. Our study provides insights into what developers are doing and trying to learn when per- forming a search, search scope, query properties, and what a search session under different contexts usually entails. Our results indicate that programmers search for code very frequently, conducting an average of five search sessions with 12 total queries each workday. The search queries are often targeted at a particular code location and programmers are typically looking for code with which they are somewhat familiar. Further, programmers are generally seeking answers to questions about how to use an API, what code does, why something is failing, or where code is located.},
    booktitle = {Proceedings of the 2015 10th Joint Meeting on Foundations of Software Engineering},
    pages = {191–201},
    numpages = {11},
    keywords = {user evaluation, developer tools, code search},
    location = {Bergamo, Italy},
    series = {ESEC/FSE 2015}
}
@article{zarkoindexing,
  title={Indexing Large, Mixed-Language Codebases},
  author={Zarko, Luke}
}
@INPROCEEDINGS{mvcc-via-range-conflict-management,
  author={Lomet, David and Fekete, Alan and Wang, Rui and Ward, Peter},
  booktitle={2012 IEEE 28th International Conference on Data Engineering}, 
  title={Multi-version Concurrency via Timestamp Range Conflict Management}, 
  year={2012},
  volume={},
  number={},
  pages={714-725},
  keywords={Concurrent computing;Concurrency control;System recovery;Laser mode locking;Proposals;Database systems},
  doi={10.1109/ICDE.2012.10}}
@online{jsonrpc,
  title={JSON-RPC 2.0 Specification},
  url={https://www.jsonrpc.org/specification},
  urldate={2024-04-20},
  date={2013-01-04}}
@online{serde-rs,
  title={Serde},
  url={https://docs.rs/serde/1.0.201/serde/index.html},
  urldate={2024-05-08},
  date={2013-05-08}}
@online{SourceBrowser,
  title={SourceBrowser},
  url={https://github.com/KirillOsenkov/SourceBrowser},
  urldate={2024-04-20},
  author={Kirill Osenkov}}
@online{Kythe,
  title={Kythe},
  url={https://kythe.io/},
  urldate={2024-04-20},
  author={Google}}
@online{cs-android,
  title={Android Code Search},
  url={https://cs.android.com/},
  urldate={2024-05-05},
  author={AOSP}}
@online{cs-chromium,
  title={Chromium Code Search},
  url={https://source.chromium.org/chromium},
  urldate={2024-05-05},
  author={Google}}
@online{facebook-Glean,
  title={Glean - System for collecting, deriving and querying facts about source code},
  url={https://glean.software/},
  urldate={2024-05-05},
  author={Facebook}}
@online{lsif,
  title={Language Server Index Format Specification},
  url={https://microsoft.github.io/language-server-protocol/specifications/lsif/0.6.0/specification/},
  urldate={2024-05-05},
  author={Microsoft}}
@online{scip,
  title={SCIP is a language-agnostic protocol for indexing source code},
  url={https://github.com/sourcegraph/scip},
  urldate={2024-05-05},
  author={SourceGraph}}
@online{Caddy,
  title={Caddy},
  url={https://caddyserver.com/},
  urldate={2024-05-05}}
@ARTICLE{git-paper,
  author={Spinellis, Diomidis},
  journal={IEEE Software}, 
  title={Git}, 
  year={2012},
  volume={29},
  number={3},
  pages={100-101},
  keywords={History;Control systems;Economics;Cloning;Kernel;Business;git;distributed version control;GitHub;configuration management},
  doi={10.1109/MS.2012.61}}
@inproceedings{miljenovic2010sourcegraph,
  title={The SourceGraph Program},
  author={Miljenovic, Ivan Lazar},
  booktitle={Proceedings of the 2010 ACM SIGPLAN workshop on Partial evaluation and program manipulation},
  pages={151--154},
  year={2010}
}
@book{lsp-book,
    author = {Gunasinghe, Nadeeshaan and Marcus, Nipuna},
    year = {2022},
    month = {01},
    pages = {},
    title = {Language Server Protocol and Implementation: Supporting Language-Smart Editing and Programming Tools},
    isbn = {978-1-4842-7791-1},
    doi = {10.1007/978-1-4842-7792-8}
}
@techreport{reed78mvcc,
    author = {Reed, D. P.},
    title = {Naming and Synchornization in a Decentralized Computer System},
    year = {1978},
    publisher = {Massachusetts Institute of Technology},
    address = {USA},
}
@book{dockerbook,
    author = {Miell, Ian and Sayers, Aidan Hobson},
    title = {Docker in Practice},
    year = {2016},
    isbn = {1617292729},
    publisher = {Manning Publications Co.},
    address = {USA},
    edition = {1st},
}
@book{trpl,
    author = {Klabnik, Steve and Nichols, Carol},
    title = {The Rust Programming Language},
    year = {2018},
    isbn = {1593278284},
    publisher = {No Starch Press},
    address = {USA},
}
@book{chodorow2010mongodb,
  added-at = {2011-11-18T13:08:30.000+0100},
  author = {Chodorow, Kristina and Dirolf, Michael},
  biburl = {https://www.bibsonomy.org/bibtex/2e2b4c1766e1834d05d8e749623205c93/nosebrain},
  ee = {http://www.oreilly.de/catalog/9781449381561/index.html},
  interhash = {a9864a2f43d20fd2c107945fd5b1b402},
  intrahash = {e2b4c1766e1834d05d8e749623205c93},
  isbn = {978-1-449-38156-1},
  keywords = {mongodb},
  pages = {I-XVII, 1-193},
  publisher = {O'Reilly},
  timestamp = {2011-11-18T13:08:30.000+0100},
  title = {MongoDB - The Definitive Guide: Powerful and Scalable Data Storage.},
  year = 2010
}
@misc{rfc9113,
    series =    {Request for Comments},
    number =    9113,
    howpublished =  {RFC 9113},
    publisher = {RFC Editor},
    doi =       {10.17487/RFC9113},
    url =       {https://www.rfc-editor.org/info/rfc9113},
    author =    {Martin Thomson and Cory Benfield},
    title =     {{HTTP/2}},
    pagetotal = 78,
    year =      2022,
    month =     jun,
}
