@article{демиденко2012,
	title={К вопросу моделирования качества нефти},
	author={Демиденко, КА and Зенков, ВВ and Хохлов, АС},
	journal={Промышленный сервис},
	number={4},
	pages={22--24},
	year={2012},
	publisher={Общество с ограниченной ответственностью ТУМА ГРУПП}
}
@misc{gost:19.101-77,
    title = "ГОСТ 19.101-77 Единая система программной документации (ЕСПД). Виды программ и программных документов",
    address = {М.},
    publisher = "Стандартинформ",
    year = "2010"
}
@misc{gost:19.102-77,
    title = "ГОСТ 19.102-77 Единая система программной документации (ЕСПД). Стадии разработки",
    address = {М.},
    publisher = "Стандартинформ",
    year = "2010"
}
@misc{gost:19.103-77,
    title = "ГОСТ 19.103-77 Единая система программной документации (ЕСПД). Обозначения программ и программных документов",
    address = {М.},
    publisher = "Стандартинформ",
    year = "2010"
}
@misc{gost:19.104-78,
    title = "ГОСТ 19.104-78 Единая система программной документации (ЕСПД). Основные надписи",
    address = {М.},
    publisher = "Стандартинформ",
    year = "2010"
}
@misc{gost:19.105-78,
    title = "ГОСТ 19.105-78 Единая система программной документации (ЕСПД). Общие требования к программным документам",
    address = {М.},
    publisher = "Стандартинформ",
    year = "2010"
}
@misc{gost:19.106-78,
    title = "ГОСТ 19.106-78 Единая система программной документации (ЕСПД). Требования к программным документам, выполненным печатным способом",
    address = {М.},
    publisher = "Стандартинформ",
    year = "2010"
}
@misc{gost:19.201-78,
    title = "ГОСТ 19.201-78 Единая система программной документации (ЕСПД). Техническое задание. Требования к содержанию и оформлению",
    address = {М.},
    publisher = "Стандартинформ",
    year = "2010"
}
@misc{gost:19.301-79,
    title = "ГОСТ 19.301-79 Единая система программной документации (ЕСПД). Программа и методика испытаний. Требования к содержанию и оформлению",
    address = {М.},
    publisher = "Стандартинформ",
    year = "2010"
}
@misc{gost:19.401-79,
    title = "ГОСТ 19.401-79 Единая система программной документации (ЕСПД). Текст программы. Требования к содержанию и оформлению",
    address = {М.},
    publisher = "Стандартинформ",
    year = "2010"
}
@misc{gost:19.404-79,
    title = "ГОСТ 19.301-79 Единая система программной документации (ЕСПД). Пояснительная записка. Требования к содержанию и оформлению",
    address = {М.},
    publisher = "Стандартинформ",
    year = "2010"
}
@misc{gost:19.504-79,
    title = "ГОСТ 19.604-79 Единая система программной документации (ЕСПД). Руководство программиста. Требования к содержанию и оформлению",
    address = {М.},
    publisher = "Стандартинформ",
    year = "2010"
}
@misc{gost:19.603-78,
    title = "ГОСТ 19.603-78 Единая система программной документации (ЕСПД). Общие правила внесения изменений",
    address = {М.},
    publisher = "Стандартинформ",
    year = "2010"
}
@misc{gost:19.604-78,
    title = "ГОСТ 19.604-78 Единая система программной документации (ЕСПД). Правила внесения изменений в программные документы, выполненные печатным способом",
    address = {М.},
    publisher = "Стандартинформ",
    year = "2010"
}

@online{git,
  author = "Git",
  title = "Git is a free and open source distributed version control system",
  url = "https://git-scm.com/",
  urldate = "2023-02-12"
}
@online{c-sss,
  author = "Fletcher T. Penney",
  title = "Implementation of Shamir's Secret Sharing in C",
  year = "2023",
  url = "http://fletcher.github.io/c-sss/",
  urldate = "2023-02-12"
}
@online{pest-rs,
  author = "Dragoș Tiselice",
  title = "pest. The Elegant Parser",
  year = "2023",
  url = "https://pest.rs/",
  urldate = "2023-02-12"
}

@online{wiki:ECDSA,
  author = "Википедия",
  title = "ECDSA --- Википедия{,} свободная энциклопедия",
  url = "https://ru.wikipedia.org/?oldid=117087049",
  urldate = "2021-11-26"
}
@online{wiki:PDF,
  author = "Википедия",
  title = "Portable Document Format --- Википедия{,} свободная энциклопедия",
  year = "2023",
  url = "https://ru.wikipedia.org/?oldid=128368995",
  urldate = "2023-02-12"
}
@online{wiki:RSA,
  author = "Википедия",
  title = "RSA --- Википедия{,} свободная энциклопедия",
  year = "2023",
  url = "https://ru.wikipedia.org/?oldid=128196139",
  urldate = "2023-02-12"
}
@online{wiki:peg,
  author = "{Wikipedia contributors}",
  title = "Parsing expression grammar --- {Wikipedia}{,} The Free Encyclopedia",
  year = "2023",
  url = "https://en.wikipedia.org/?oldid=1135337164",
  urldate = "2023-04-11"
}
@online{wiki:backus-naur-form,
  author = "{Wikipedia contributors}",
  title = "Backus–Naur form --- {Wikipedia}{,} The Free Encyclopedia",
  year = "2023",
  url = "https://en.wikipedia.org/?oldid=1145504907",
  urldate = "2023-04-11"
}
@online{wiki:parser-combinators,
    author = "{Wikipedia contributors}",
    title = "Parser combinator --- {Wikipedia}{,} The Free Encyclopedia",
    year = "2023",
    url = "https://en.wikipedia.org/?oldid=1141893658",
    urldate = "2023-04-11"
}

@book{python3manual,
 author = {Van Rossum, Guido and Drake, Fred L.},
 title = {Python 3 Reference Manual},
 year = {2009},
 isbn = {1441412697},
 publisher = {CreateSpace},
 address = {Scotts Valley, CA}
}

@article{shamir79,
    author = {Shamir, Adi},
    title = {How to Share a Secret},
    year = {1979},
    issue_date = {Nov. 1979},
    publisher = {Association for Computing Machinery},
    address = {New York, NY, USA},
    volume = {22},
    number = {11},
    issn = {0001-0782},
    url = {https://doi.org/10.1145/359168.359176},
    doi = {10.1145/359168.359176},
    abstract = {In this paper we show how to divide data D into n pieces in such a way that D is easily reconstructable from any k pieces, but even complete knowledge of k - 1 pieces reveals absolutely no information about D. This technique enables the construction of robust key management schemes for cryptographic systems that can function securely and reliably even when misfortunes destroy half the pieces and security breaches expose all but one of the remaining pieces.},
    journal = {Commun. ACM},
    month = {nov},
    pages = {612–613},
    numpages = {2},
    keywords = {key management, interpolation, cryptography}
}
@InProceedings{benaloh90,
    author="Benaloh, Josh
    and Leichter, Jerry",
    editor="Goldwasser, Shafi",
    title="Generalized Secret Sharing and Monotone Functions",
    booktitle="Advances in Cryptology --- CRYPTO' 88",
    year="1990",
    publisher="Springer New York",
    address="New York, NY",
    pages="27--35",
    abstract="Secret Sharing from the perspective of threshold schemes has been well-studied over the past decade. Threshold schemes, however, can only handle a small fraction of the secret sharing functions which we may wish to form. For example, if it is desirable to divide a secret among four participants A, B. C, and D in such a way that either A together with B can reconstruct the secret or C together with D can reconstruct the secret, then threshold schemes (even with weighting) are provably insufficient.",
    isbn="978-0-387-34799-8"
}
@inproceedings{blakley79,
  title={Safeguarding cryptographic keys},
  author={Blakley, George Robert},
  booktitle={Managing Requirements Knowledge, International Workshop on},
  pages={313--313},
  year={1979},
  organization={IEEE Computer Society}
}